@article{hofmann,
  title={Syntax and semantics of dependent types},
  author={Hofmann, Martin},
  journal={Extensional Constructs in Intensional Type Theory},
  pages={13--54},
  year={1997},
  publisher={Springer}
}

@article{joyal,
  title={Notes on clans and tribes},
  author={Joyal, Andr{\'e}},
  journal={arXiv preprint arXiv:1710.10238},
  year={2017}
}

@book{taylor,
  title={Practical foundations of mathematics},
  author={Taylor, Paul},
  volume={59},
  year={1999},
  publisher={Cambridge University Press}
}

@Misc{nlab-sums,
  author =   {{nLab authors}},
  title =    {Dependent Sum Type},
  howpublished = {\url{https://ncatlab.org/nlab/show/dependent+sum+type}},
  note =     {\href{https://ncatlab.org/nlab/show/dependent+sum+type}}
  }
  
  @Misc{nlab-iso,
  author =   {{nLab authors}},
  title =    {isofibration},
  howpublished = {\url{https://ncatlab.org/nlab/show/isofibration}},
  note =     {\href{https://ncatlab.org/nlab/show/isofibration}}
  }
  
    @Misc{nlab-grothcons,
  author =   {{nLab authors}},
  title =    {Grothendieck construction},
  howpublished = {\url{https://ncatlab.org/nlab/show/Grothendieck+construction}},
  note =     {\href{https://ncatlab.org/nlab/show/Grothendieck+construction}}
  }
  